@ARTICLE{ieeesrsrec,
  author={},
  journal={IEEE Std 830-1998}, 
  title={IEEE Recommended Practice for Software Requirements Specifications}, 
  year={1998},
  volume={},
  number={},
  pages={1-40},
  doi={10.1109/IEEESTD.1998.88286}}
  
@misc{architecture,
    author= "Jonas Malm",
    title= "Architecture Notebook",
    note= "Version 0.5.2",
    year = 2020
}

@misc{prototype,
    author= "{Prototype team}",
    title = "Hi-Fi 2.1",
    year = 2020,
    note ="Version 2.1"
}

@misc{patientdatalag, 
    author="Socialdepartementet",
    title = "Patientdatalag (2008:355)",
    howpublished = "\url{http://www.riksdagen.se/sv/Dokument-Lagar/Lagar/Svenskforfattningssamling/Patientdatalag-2008355sfs-2008-355/?bet=2008:35}",
    year = 2008,
    note = "Accessed: 2020-12-01"
}

